@Book{Weiss,
	author = {Mark Allen Weiss},
	title = {Data Structures and Algorithm Analysis in Java},
	edition = {third},
	year = {2012},
	publisher = {Pearson Education}
}